@article{elsevier,
	title={Out of control: vita de gerolamo cardano(1501 - 1576)},
	author={P. Scarani},
	journal={Pathologica},
	volume={93},
	pages={565 - 576},
	year={2021},
	publisher={Elsevier}
}