@article{gu2020study,
title={Study on the dimensional metrology and alignment method for the 1/32 CFETR VV mock up},
author={Gu, Yongqi and Liu, Chen and Wei, Jing and Lu, Kun and Ji, Haibiao and Zheng, Yuanyang and Fan, Xiaosong and Yuan, Zhong and Gong, Zheng},
journal={Fusion engineering and design},
volume={155},
pages={111556},
year={2020},
publisher={Elsevier}
}
@article{maresca2019evaluation,
	title={Evaluation of traceability in continuous 2D measurements employing machine vision systems},
	author={Maresca, P and Duarte, {\'A} and Wang, C and Caja, J and G{\'o}mez, E},
	journal={Procedia manufacturing},
	volume={41},
	pages={922-929},
	year={2020},
	publisher={Elsevier}
}
@inproceedings{hall2019opportunity,
	title={An opportunity to enhance the value of metrological traceability in digital systems},
	author={Hall, BD},
	journal={2019 II workshop on metrology for industry 4.0 and Iot(MetroInd4. 0\&Iot)},
	pages={16-21},
	year={2019},
	publisher={IEEE}
}
@article{morumachine,
	title={A machine vision algorithm for quality control inspection of gears},
	author={Moru, Desmond K and Borro, Diego},
	journal={The international journal of advanced manufacturing technology},
	volume={106},
	pages={105-123},
	year={2020},
	publisher={Springer}
}
@inproceedings{kuster2020measurement,
	title={A measurement infrastructure's benefits for industrial metrology and Iot},
	author={Kuster, Mark},
}